<record><leader>00000cas a22000007a 4500</leader><controlfield tag="001">13486115</controlfield><controlfield tag="008">860423d19731991paudr ne      0    0eng  </controlfield><datafield ind1=" " ind2=" " tag="010"><subfield code="a">sn 86071373 </subfield></datafield><datafield ind1=" " ind2=" " tag="040"><subfield code="a">DLC</subfield><subfield code="b">eng</subfield><subfield code="c">DLC</subfield><subfield code="d">NPH</subfield><subfield code="d">NJW</subfield><subfield code="d">NSD</subfield><subfield code="d">UPM</subfield><subfield code="d">OCLCF</subfield></datafield><datafield ind1="1" ind2=" " tag="029"><subfield code="a">AU@</subfield><subfield code="b">000025784696</subfield></datafield><datafield ind1=" " ind2=" " tag="042"><subfield code="a">msc</subfield></datafield><datafield ind1="0" ind2="0" tag="050"><subfield code="a">Newspaper</subfield></datafield><datafield ind1="0" ind2=" " tag="130"><subfield code="a">Express (Easton, Pa.)</subfield></datafield><datafield ind1="0" ind2="4" tag="245"><subfield code="a">The express.</subfield></datafield><datafield ind1="1" ind2="0" tag="246"><subfield code="a">Express/Sunday</subfield></datafield><datafield ind1="0" ind2="0" tag="246"><subfield code="a">Express Sunday</subfield></datafield><datafield ind1=" " ind2=" " tag="260"><subfield code="a">Easton, Pa. :</subfield><subfield code="b">Hal B. Neitzel,</subfield><subfield code="c">1973-</subfield></datafield><datafield ind1=" " ind2=" " tag="300"><subfield code="a">v. :</subfield><subfield code="b">ill. ;</subfield><subfield code="c">58 cm.</subfield></datafield><datafield ind1=" " ind2=" " tag="310"><subfield code="a">Daily</subfield></datafield><datafield ind1="0" ind2=" " tag="362"><subfield code="a">118th yr., no. 98 (Mar. 2, 1973)-</subfield></datafield><datafield ind1="1" ind2=" " tag="362"><subfield code="a">Ceased in 1991.</subfield></datafield><datafield ind1=" " ind2=" " tag="500"><subfield code="a">Published on Sunday as: Express/Sunday, &lt;1985&gt;-</subfield></datafield><datafield ind1=" " ind2=" " tag="530"><subfield code="a">Also available on microfilm from Micro Photo Div., Bell and Howell Co.</subfield></datafield><datafield ind1=" " ind2=" " tag="580"><subfield code="a">Merged with: Globe-times (Bethlehem, Pa.), to form: The Express-times.</subfield></datafield><datafield ind1=" " ind2="0" tag="651"><subfield code="a">Easton (Northampton County, Pa.)</subfield><subfield code="v">Newspapers.</subfield></datafield><datafield ind1=" " ind2="7" tag="655"><subfield code="a">Newspapers.</subfield><subfield code="2">fast</subfield><subfield code="0">(OCoLC)fst01423814</subfield></datafield><datafield ind1=" " ind2="7" tag="651"><subfield code="a">Pennsylvania</subfield><subfield code="z">Easton (Northampton County)</subfield><subfield code="2">fast</subfield><subfield code="0">(OCoLC)fst01758552</subfield></datafield><datafield ind1=" " ind2=" " tag="752"><subfield code="a">United States</subfield><subfield code="b">Pennsylvania</subfield><subfield code="c">Northampton</subfield><subfield code="d">Easton.</subfield></datafield><datafield ind1=" " ind2=" " tag="752"><subfield code="a">United States</subfield><subfield code="b">New Jersey</subfield><subfield code="c">Warren</subfield><subfield code="d">Phillipsburg.</subfield></datafield><datafield ind1=" " ind2=" " tag="752"><subfield code="a">United States</subfield><subfield code="b">New Jersey</subfield><subfield code="c">Hunterdon.</subfield></datafield><datafield ind1="0" ind2="0" tag="780"><subfield code="t">Easton express (Easton, Pa. : 1936)</subfield><subfield code="w">(DLC)sn 86071372</subfield><subfield code="w">(OCoLC)13486074</subfield></datafield><datafield ind1="1" ind2="7" tag="785"><subfield code="t">Globe-times (Bethlehem, Pa.)</subfield><subfield code="w">(DLC)sn 87080314</subfield><subfield code="w">(OCoLC)14638795</subfield></datafield><datafield ind1="1" ind2="7" tag="785"><subfield code="t">Express-times</subfield><subfield code="x">1062-3620</subfield><subfield code="w">(DLC)sn 92003993</subfield><subfield code="w">(OCoLC)24821639</subfield></datafield></record>